
@book{united_nations_human_settlements_programme_hidden_2010,
	address = {Geneva; Kobe; Nairobi},
	title = {Hidden cities: unmasking and overcoming health inequities in urban settings.},
	isbn = {9789241548038  9241548037  9789211322712  9211322715},
	lccn = {0000},
	shorttitle = {Hidden cities},
	language = {English},
	publisher = {World Health Organization ; World Health Organization, Centre for Health Development ; {UN-HABITAT}, United Nations Human Settlements Programme},
	author = {{World Health Organization}},
	year = {2010},
	file = {united_nations_human_settlements_programme_et_al_2010_hidden_cities.pdf:/home/olivaresga/.mozilla/firefox/xhrkcbu0.default/zotero/storage/XQZBDS2G/united_nations_human_settlements_programme_et_al_2010_hidden_cities.pdf:application/pdf}
},

@book{pulugurtha_transportation_2008,
	title = {Transportation Land-Use Planning, and Air Quality Conference 2007: Proceedings of the 2007 Transportation Land-Use Planning, and Air Quality Conference: July 9-11, 2007, Orlando, Florida},
	isbn = {9780784472170},
	lccn = {0000},
	shorttitle = {Transportation Land-Use Planning, and Air Quality Conference 2007},
	language = {en},
	publisher = {{ASCE} Publications},
	author = {Pulugurtha, Srinivas S.},
	year = {2008},
	keywords = {Business \& Economics / Development / Economic Development, Science / Environmental Science, {TECHNOLOGY} \& {ENGINEERING} / Environmental / Pollution Control, Transportation / General}
},

@article{song_impacts_2008,
	title = {The Impacts of Urbanization on Emissions and Air Quality: Comparison of Four Visions of Austin, Texas},
	volume = {42},
	issn = {0013-{936X}},
	lccn = {0010},
	shorttitle = {The Impacts of Urbanization on Emissions and Air Quality},
	url = {http://dx.doi.org/10.1021/es800645j},
	doi = {10.1021/es800645j},
	number = {19},
	urldate = {2013-10-01},
	journal = {Environ. Sci. Technol.},
	author = {Song, Jihee and Webb, Alba and Parmenter, Barbara and Allen, David T. and {McDonald-Buller}, Elena},
	month = oct,
	year = {2008},
	pages = {7294--7300},
	file = {ACS Full Text Snapshot:/home/olivaresga/.mozilla/firefox/xhrkcbu0.default/zotero/storage/7GZUXCUA/es800645j.html:text/html;song_et_al_2008_the_impacts_of_urbanization_on_emissions_and_air_quality.pdf:/home/olivaresga/.mozilla/firefox/xhrkcbu0.default/zotero/storage/NG7MR7ST/song_et_al_2008_the_impacts_of_urbanization_on_emissions_and_air_quality.pdf:application/pdf}
},

@article{rowangould_census_2013,
	title = {A census of the {US} near-roadway population: Public health and environmental justice considerations},
	volume = {25},
	issn = {1361-9209},
	lccn = {0000},
	shorttitle = {A census of the {US} near-roadway population},
	url = {http://www.sciencedirect.com/science/article/pii/S1361920913001107},
	doi = {10.1016/j.trd.2013.08.003},
	urldate = {2013-10-01},
	journal = {Transportation Research Part D: Transport and Environment},
	author = {Rowangould, Gregory M.},
	month = dec,
	year = {2013},
	keywords = {Air quality, Environmental justice, Monitoring network, Public health, Vehicle emissions},
	pages = {59--67},
	file = {rowangould_2013_a_census_of_the_us_near-roadway_population.pdf:/home/olivaresga/.mozilla/firefox/xhrkcbu0.default/zotero/storage/7BREQACW/rowangould_2013_a_census_of_the_us_near-roadway_population.pdf:application/pdf;ScienceDirect Snapshot:/home/olivaresga/.mozilla/firefox/xhrkcbu0.default/zotero/storage/WCW22EGX/S1361920913001107.html:text/html}
},

@article{beckx_limits_2013,
	title = {Limits to active transport substitution of short car trips},
	volume = {22},
	issn = {1361-9209},
	lccn = {0001},
	url = {http://www.sciencedirect.com/science/article/pii/S1361920913000424},
	doi = {10.1016/j.trd.2013.03.001},
	urldate = {2013-10-01},
	journal = {Transportation Research Part D: Transport and Environment},
	author = {Beckx, Carolien and Broekx, Steven and Degraeuwe, Bart and Beusen, Bart and Int Panis, Luc},
	month = jul,
	year = {2013},
	keywords = {Active transport, Bicycling, On-board data logging, Short trip-making},
	pages = {10--13},
	file = {beckx_et_al_2013_limits_to_active_transport_substitution_of_short_car_trips.pdf:/home/olivaresga/.mozilla/firefox/xhrkcbu0.default/zotero/storage/GDBKD3CI/beckx_et_al_2013_limits_to_active_transport_substitution_of_short_car_trips.pdf:application/pdf;ScienceDirect Snapshot:/home/olivaresga/.mozilla/firefox/xhrkcbu0.default/zotero/storage/C7QXHW6N/S1361920913000424.html:text/html}
},

@article{xu_commuter_2013,
	title = {Commuter exposure to particle matter and carbon dioxide inside high-speed rail carriages},
	volume = {20},
	issn = {1361-9209},
	lccn = {0000},
	url = {http://www.sciencedirect.com/science/article/pii/S1361920913000114},
	doi = {10.1016/j.trd.2013.01.007},
	urldate = {2013-10-01},
	journal = {Transportation Research Part D: Transport and Environment},
	author = {Xu, Bin and Cui, Pengyi and Xu, Haixia and Chen, Hongyu and Lin, Yangxin},
	month = may,
	year = {2013},
	keywords = {High-speed rail, In-carriage exposure, Ventilation conditions},
	pages = {1--6},
	file = {ScienceDirect Snapshot:/home/olivaresga/.mozilla/firefox/xhrkcbu0.default/zotero/storage/RSAF3KI8/S1361920913000114.html:text/html;xu_et_al_2013_commuter_exposure_to_particle_matter_and_carbon_dioxide_inside_high-speed_rail.pdf:/home/olivaresga/.mozilla/firefox/xhrkcbu0.default/zotero/storage/H38NQ486/xu_et_al_2013_commuter_exposure_to_particle_matter_and_carbon_dioxide_inside_high-speed_rail.pdf:application/pdf}
},

@article{waygood_comparing_2013,
	title = {Comparing and presenting city-level transportation {CO2} emissions using {GIS}},
	volume = {24},
	issn = {1361-9209},
	lccn = {0000},
	url = {http://www.sciencedirect.com/science/article/pii/S136192091300093X},
	doi = {10.1016/j.trd.2013.06.006},
	urldate = {2013-10-01},
	journal = {Transportation Research Part D: Transport and Environment},
	author = {Waygood, Edward Owen D. and Chatterton, Tim and Avineri, Erel},
	month = oct,
	year = {2013},
	keywords = {{CO2} emissions, Europe Union, Urban environment functional boundary level},
	pages = {127--134},
	file = {ScienceDirect Snapshot:/home/olivaresga/.mozilla/firefox/xhrkcbu0.default/zotero/storage/2KW483RW/S136192091300093X.html:text/html;waygood_et_al_2013_comparing_and_presenting_city-level_transportation_co2_emissions_using_gis.pdf:/home/olivaresga/.mozilla/firefox/xhrkcbu0.default/zotero/storage/664ZZ629/waygood_et_al_2013_comparing_and_presenting_city-level_transportation_co2_emissions_using_gis.pdf:application/pdf}
},

@article{strauss_investigating_2012,
	title = {Investigating the link between cyclist volumes and air pollution along bicycle facilities in a dense urban core},
	volume = {17},
	issn = {1361-9209},
	lccn = {0001},
	url = {http://www.sciencedirect.com/science/article/pii/S1361920912000806},
	doi = {10.1016/j.trd.2012.07.007},
	number = {8},
	urldate = {2013-10-01},
	journal = {Transportation Research Part D: Transport and Environment},
	author = {Strauss, Jillian and Miranda-Moreno, Luis and Crouse, Dan and Goldberg, Mark S. and Ross, Nancy A. and Hatzopoulou, Marianne},
	month = dec,
	year = {2012},
	keywords = {Air Pollution, Bicycle facilities, Bicycling, Cyclist exposure},
	pages = {619--625},
	file = {ScienceDirect Snapshot:/home/olivaresga/.mozilla/firefox/xhrkcbu0.default/zotero/storage/J8639VC4/S1361920912000806.html:text/html;strauss_et_al_2012_investigating_the_link_between_cyclist_volumes_and_air_pollution_along_bicycle.pdf:/home/olivaresga/.mozilla/firefox/xhrkcbu0.default/zotero/storage/PTRWU3PG/strauss_et_al_2012_investigating_the_link_between_cyclist_volumes_and_air_pollution_along_bicycle.pdf:application/pdf}
},

@article{hughey_public_2011,
	title = {Public responses to policies designed to internalise environmental and social externalities from road transport in New Zealand},
	volume = {16},
	issn = {1361-9209},
	lccn = {0000},
	url = {http://www.sciencedirect.com/science/article/pii/S1361920911000885},
	doi = {10.1016/j.trd.2011.07.001},
	number = {8},
	urldate = {2013-10-01},
	journal = {Transportation Research Part D: Transport and Environment},
	author = {Hughey, Kenneth {F.D.} and Kerr, Geoffrey N. and Cullen, Ross},
	month = dec,
	year = {2011},
	keywords = {Environmental impact analysis, Full transport costing, Social impacts of road transport},
	pages = {575--578},
	file = {hughey_et_al_2011_public_responses_to_policies_designed_to_internalise_environmental_and_social.pdf:/home/olivaresga/.mozilla/firefox/xhrkcbu0.default/zotero/storage/4UT7QJW9/hughey_et_al_2011_public_responses_to_policies_designed_to_internalise_environmental_and_social.pdf:application/pdf;ScienceDirect Snapshot:/home/olivaresga/.mozilla/firefox/xhrkcbu0.default/zotero/storage/7XHGHHM9/S1361920911000885.html:text/html}
},

@article{feng_integrated_2010,
	title = {An integrated model system and policy evaluation tool for maximizing mobility under environmental capacity constraints: A case study in Dalian City, China},
	volume = {15},
	issn = {1361-9209},
	lccn = {0009},
	shorttitle = {An integrated model system and policy evaluation tool for maximizing mobility under environmental capacity constraints},
	url = {http://www.sciencedirect.com/science/article/pii/S1361920910000325},
	doi = {10.1016/j.trd.2010.03.001},
	number = {5},
	urldate = {2013-10-01},
	journal = {Transportation Research Part D: Transport and Environment},
	author = {Feng, Tao and Zhang, Junyi and Fujiwara, Akimasa and Timmermans, Harry {J.P.}},
	month = jul,
	year = {2010},
	keywords = {Environmental capacity, Integrated model, Mobility maximization, Policy evaluation},
	pages = {263--274},
	file = {feng_et_al_2010_an_integrated_model_system_and_policy_evaluation_tool_for_maximizing_mobility.pdf:/home/olivaresga/.mozilla/firefox/xhrkcbu0.default/zotero/storage/TJA7M6X5/feng_et_al_2010_an_integrated_model_system_and_policy_evaluation_tool_for_maximizing_mobility.pdf:application/pdf;ScienceDirect Snapshot:/home/olivaresga/.mozilla/firefox/xhrkcbu0.default/zotero/storage/KJQHM2AU/S1361920910000325.html:text/html}
},

@article{king_reducing_2009,
	title = {Reducing pedestrian exposure to environmental pollutants: A combined noise exposure and air quality analysis approach},
	volume = {14},
	issn = {1361-9209},
	lccn = {0016},
	shorttitle = {Reducing pedestrian exposure to environmental pollutants},
	url = {http://www.sciencedirect.com/science/article/pii/S1361920909000364},
	doi = {10.1016/j.trd.2009.03.005},
	number = {5},
	urldate = {2013-10-01},
	journal = {Transportation Research Part D: Transport and Environment},
	author = {King, {E.A.} and Murphy, E. and {McNabola}, A.},
	month = jul,
	year = {2009},
	keywords = {Air Pollution, Dublin, Noise pollution, Pedestrian exposure, Urban planning and design},
	pages = {309--316},
	file = {king_et_al_2009_reducing_pedestrian_exposure_to_environmental_pollutants.pdf:/home/olivaresga/.mozilla/firefox/xhrkcbu0.default/zotero/storage/WZWP23WA/king_et_al_2009_reducing_pedestrian_exposure_to_environmental_pollutants.pdf:application/pdf;ScienceDirect Snapshot:/home/olivaresga/.mozilla/firefox/xhrkcbu0.default/zotero/storage/WSMZQ6FH/S1361920909000364.html:text/html}
},

@article{wang_identifying_2009,
	title = {Identifying contributions of on-road motor vehicles to urban air pollution using travel demand model data},
	volume = {14},
	issn = {1361-9209},
	lccn = {0020},
	url = {http://www.sciencedirect.com/science/article/pii/S136192090800151X},
	doi = {10.1016/j.trd.2008.11.011},
	number = {3},
	urldate = {2013-10-01},
	journal = {Transportation Research Part D: Transport and Environment},
	author = {Wang, Guihua and Bai, Song and Ogden, Joan M.},
	month = may,
	year = {2009},
	keywords = {Air quality, On-road motor vehicles, Source contributions, Transportation pollution, Travel demand},
	pages = {168--179},
	file = {ScienceDirect Snapshot:/home/olivaresga/.mozilla/firefox/xhrkcbu0.default/zotero/storage/TD29XTFK/S136192090800151X.html:text/html;wang_et_al_2009_identifying_contributions_of_on-road_motor_vehicles_to_urban_air_pollution.pdf:/home/olivaresga/.mozilla/firefox/xhrkcbu0.default/zotero/storage/RI8V93FM/wang_et_al_2009_identifying_contributions_of_on-road_motor_vehicles_to_urban_air_pollution.pdf:application/pdf}
},

@article{kimbrough_multi-criteria_2008,
	title = {Multi-criteria decision analysis for the selection of a near road ambient air monitoring site for the measurement of mobile source air toxics},
	volume = {13},
	issn = {1361-9209},
	lccn = {0010},
	url = {http://www.sciencedirect.com/science/article/pii/S1361920908001107},
	doi = {10.1016/j.trd.2008.09.009},
	number = {8},
	urldate = {2013-10-01},
	journal = {Transportation Research Part D: Transport and Environment},
	author = {Kimbrough, Sue and Vallero, Dan and Shores, Richard and Vette, Alan and Black, Kevin and Martinez, Victoria},
	month = dec,
	year = {2008},
	keywords = {Air Pollution, Decision making, emissions, Environmental issues, Geographic information systems, Government, Vehicles},
	pages = {505--515},
	file = {kimbrough_et_al_2008_multi-criteria_decision_analysis_for_the_selection_of_a_near_road_ambient_air.pdf:/home/olivaresga/.mozilla/firefox/xhrkcbu0.default/zotero/storage/FCV24ISW/kimbrough_et_al_2008_multi-criteria_decision_analysis_for_the_selection_of_a_near_road_ambient_air.pdf:application/pdf;ScienceDirect Snapshot:/home/olivaresga/.mozilla/firefox/xhrkcbu0.default/zotero/storage/TS6VMH65/S1361920908001107.html:text/html}
},

@article{potoglou_vehicle-type_2008,
	title = {Vehicle-type choice and neighbourhood characteristics: An empirical study of Hamilton, Canada},
	volume = {13},
	issn = {1361-9209},
	lccn = {0011},
	shorttitle = {Vehicle-type choice and neighbourhood characteristics},
	url = {http://www.sciencedirect.com/science/article/pii/S1361920908000096},
	doi = {10.1016/j.trd.2008.02.002},
	number = {3},
	urldate = {2013-10-01},
	journal = {Transportation Research Part D: Transport and Environment},
	author = {Potoglou, Dimitris},
	month = may,
	year = {2008},
	keywords = {Accessibility, Built environment, Neighbourhood characteristics, Vehicle-type choice},
	pages = {177--186},
	file = {potoglou_2008_vehicle-type_choice_and_neighbourhood_characteristics.pdf:/home/olivaresga/.mozilla/firefox/xhrkcbu0.default/zotero/storage/NARU8TBH/potoglou_2008_vehicle-type_choice_and_neighbourhood_characteristics.pdf:application/pdf;ScienceDirect Snapshot:/home/olivaresga/.mozilla/firefox/xhrkcbu0.default/zotero/storage/WWRIX6TW/S1361920908000096.html:text/html}
},

@article{kingham_driven_2007,
	title = {Driven to injustice? Environmental justice and vehicle pollution in Christchurch, New Zealand},
	volume = {12},
	issn = {1361-9209},
	lccn = {0026},
	shorttitle = {Driven to injustice?},
	url = {http://www.sciencedirect.com/science/article/pii/S1361920907000247},
	doi = {10.1016/j.trd.2007.02.004},
	number = {4},
	urldate = {2013-10-01},
	journal = {Transportation Research Part D: Transport and Environment},
	author = {Kingham, Simon and Pearce, Jamie and Zawar-Reza, Peyman},
	month = jun,
	year = {2007},
	keywords = {Air Pollution, Environmental justice, New Zealand, Social deprivation, traffic},
	pages = {254--263},
	file = {kingham_et_al_2007_driven_to_injustice.pdf:/home/olivaresga/.mozilla/firefox/xhrkcbu0.default/zotero/storage/53K8V83K/kingham_et_al_2007_driven_to_injustice.pdf:application/pdf;ScienceDirect Snapshot:/home/olivaresga/.mozilla/firefox/xhrkcbu0.default/zotero/storage/F8DZ2DMC/S1361920907000247.html:text/html}
},

@article{cao_neighborhood_2006,
	title = {Neighborhood design and vehicle type choice: Evidence from Northern California},
	volume = {11},
	issn = {1361-9209},
	lccn = {0052},
	shorttitle = {Neighborhood design and vehicle type choice},
	url = {http://www.sciencedirect.com/science/article/pii/S136192090500088X},
	doi = {10.1016/j.trd.2005.10.001},
	number = {2},
	urldate = {2013-10-01},
	journal = {Transportation Research Part D: Transport and Environment},
	author = {Cao, Xinyu and Mokhtarian, Patricia L. and Handy, Susan L.},
	month = mar,
	year = {2006},
	keywords = {Air quality, Land use, Nested logit model, Smart growth},
	pages = {133--145},
	file = {cao_et_al_2006_neighborhood_design_and_vehicle_type_choice.pdf:/home/olivaresga/.mozilla/firefox/xhrkcbu0.default/zotero/storage/KEHRZSID/cao_et_al_2006_neighborhood_design_and_vehicle_type_choice.pdf:application/pdf;ScienceDirect Snapshot:/home/olivaresga/.mozilla/firefox/xhrkcbu0.default/zotero/storage/HPH7BI9C/S136192090500088X.html:text/html}
}
@Misc{pgsql,
	author  = "{P}ostgre{SQL} {G}lobal {D}evelopment {G}roup",
	title   = "Postgre{SQL}",
	howpublished = "\url{http://www.postgresql.org}",
	year    = 2014,
	urldate = {2014-07-20}
}

@article{dummy_temp,
	title = {This is a temporary reference until the proper one is found},
	journal = {No known journal},
	author = {This author, and this other guy},
	keywords = {dummy, placeholder, temporary},
}

@Misc{postgis,
	author	= "{P}ost{GIS} {P}roject {S}teering {C}ommitee",
	title	= "Post{GIS}",
	howpublished	="\url{http://postgis.net/},
	year	= 2015,
	urldate	={2015-02-22}
}